<record><leader>00000cas a22000007a 4500</leader><controlfield tag="001">14249803</controlfield><controlfield tag="008">860922d18uu189utxuwr ne      0    0eng d</controlfield><datafield ind1=" " ind2=" " tag="010"><subfield code="a">sn 86089203 </subfield></datafield><datafield ind1=" " ind2=" " tag="040"><subfield code="a">PPM</subfield><subfield code="b">eng</subfield><subfield code="c">PPM</subfield><subfield code="d">OCLCQ</subfield></datafield><datafield ind1=" " ind2=" " tag="042"><subfield code="a">msc</subfield></datafield><datafield ind1="0" ind2="4" tag="245"><subfield code="a">The Granbury graphic.</subfield></datafield><datafield ind1=" " ind2=" " tag="260"><subfield code="a">Granbury, Tex. :</subfield><subfield code="b">Ashley W. Crockett</subfield></datafield><datafield ind1=" " ind2=" " tag="300"><subfield code="a">v. ;</subfield><subfield code="c">66 cm.</subfield></datafield><datafield ind1=" " ind2=" " tag="310"><subfield code="a">Weekly</subfield></datafield><datafield ind1=" " ind2=" " tag="588"><subfield code="a">Description based on: Vol. 14, no. 2 (Apr. 3, 1886).</subfield></datafield><datafield ind1=" " ind2=" " tag="752"><subfield code="a">United States</subfield><subfield code="b">Texas</subfield><subfield code="c">Hood</subfield><subfield code="d">Granbury.</subfield></datafield><datafield ind1="0" ind2="0" tag="785"><subfield code="t">Granbury graphic and Hood County truth</subfield><subfield code="w">(DLC)sn 88083423</subfield></datafield></record>